<?xml version="1.0" encoding="UTF-8"?><collection xmlns="http://www.loc.gov/MARC21/slim"><record><leader>00342nam--2200133-i-4500</leader><controlfield tag="001">000048742</controlfield><controlfield tag="002">20161230</controlfield><controlfield tag="005">20161230201047</controlfield><controlfield tag="008">060222s1000------------r-----000-0-eng-d</controlfield><datafield ind1=" " ind2=" " tag="100"><subfield code="a">Agoskov,M.I.,Mochalin,M.P</subfield></datafield><datafield ind1=" " ind2=" " tag="245"><subfield code="a">Mehanizaciia podzemnoi dobychi rud</subfield></datafield><datafield ind1=" " ind2=" " tag="260"><subfield code="a">Moskva, Izdanie Znanie, 1958. 44 S. + 14 Ris</subfield></datafield><datafield ind1=" " ind2=" " tag="490"><subfield code="a">4</subfield></datafield><datafield ind1=" " ind2=" " tag="852"><subfield code="a">5456</subfield></datafield></record></collection>